<?xml version="1.0" encoding="UTF-8"?>
<Document xmlns="urn:iso:std:iso:20022:tech:xsd:camt.053.001.08">
  <BkToCstmrStmt>
    <GrpHdr>
      <MsgId>MSGID002</MsgId>
      <CreDtTm>2025-02-18T09:30:47Z</CreDtTm>
    </GrpHdr>
    <Stmt>
      <Id>STMT002</Id>
      <Acct>
        <Id>
          <IBAN>DE89370400440532013000</IBAN>
        </Id>
      </Acct>
      <Bal>
        <Tp>
          <CdOrPrtry>
            <Cd>OPBD</Cd>
          </CdOrPrtry>
        </Tp>
        <Amt Ccy="EUR">1000.00</Amt>
        <CdtDbtInd>CRDT</CdtDbtInd>
        <Dt>
          <Dt>2025-02-18</Dt>
        </Dt>
      </Bal>
      <Ntry>
        <Amt Ccy="EUR">500.00</Amt>
        <CdtDbtInd>CRDT</CdtDbtInd>
        <Sts>
          <Cd>BOOK</Cd>
        </Sts>
        <BookgDt>
          <Dt>2025-02-18</Dt>
        </BookgDt>
        <BkTxCd>
          <Domn>
            <Cd>PMNT</Cd>
            <Fmly>
              <Cd>RCDT</Cd>
              <SubFmlyCd>ESCT</SubFmlyCd>
            </Fmly>
          </Domn>
        </BkTxCd>
      </Ntry>
      <Ntry>
        <Amt Ccy="EUR">200.00</Amt>
        <CdtDbtInd>DBIT</CdtDbtInd>
        <Sts>
          <Cd>BOOK</Cd>
        </Sts>
        <BookgDt>
          <Dt>2025-02-18</Dt>
        </BookgDt>
        <BkTxCd>
          <Domn>
            <Cd>PMNT</Cd>
            <Fmly>
              <Cd>ICDT</Cd>
              <SubFmlyCd>ESCT</SubFmlyCd>
            </Fmly>
          </Domn>
        </BkTxCd>
      </Ntry>
    </Stmt>
  </BkToCstmrStmt>
</Document>